<?xml version="1.0" encoding="UTF-8"?><record xmlns="http://www.loc.gov/MARC21/slim" xmlns:cinclude="http://apache.org/cocoon/include/1.0" xmlns:zs="http://www.loc.gov/zing/srw/">
  <leader>00341nz  a2200133n  4500</leader>
  <controlfield tag="001">no2008085665</controlfield>
  <controlfield tag="003">DLC</controlfield>
  <controlfield tag="005">20080612080533.0</controlfield>
  <controlfield tag="008">080610n| acannaabn          |n aaa     c</controlfield>
  <datafield tag="010" ind1=" " ind2=" ">
    <subfield code="a">no2008085665</subfield>
  </datafield>
  <datafield tag="035" ind1=" " ind2=" ">
    <subfield code="a">(OCoLC)oca07791123</subfield>
  </datafield>
  <datafield tag="040" ind1=" " ind2=" ">
    <subfield code="a">IOrQBI</subfield>
    <subfield code="b">eng</subfield>
    <subfield code="c">IOrQBI</subfield>
  </datafield>
  <datafield tag="100" ind1="1" ind2=" ">
    <subfield code="a">Hummel, Alan</subfield>
  </datafield>
  <datafield tag="670" ind1=" " ind2=" ">
    <subfield code="a">Penske Racing Team, c2007:</subfield>
    <subfield code="b">t.p. (Alan Hummel)</subfield>
  </datafield>
</record>